@article{johnson2015applied,
  title     = {Applied multivariate statistical analysis},
  author    = {Johnson, Richard A and Wichern, DW},
  journal   = {Statistics},
  volume    = {6215},
  number    = {10},
  pages     = {10},
  year      = {2015},
  publisher = {Duxbury}
}

@book{mann2007introductory,
  title     = {Introductory statistics},
  author    = {Mann, Prem S},
  year      = {2007},
  publisher = {John Wiley \& Sons}
}

@inproceedings{gaucel2014learning,
  title        = {Learning dynamical systems using standard symbolic regression},
  author       = {Gaucel, S{\'e}bastien and Keijzer, Maarten and Lutton, Evelyne and Tonda, Alberto},
  booktitle    = {European Conference on Genetic Programming},
  pages        = {25--36},
  year         = {2014},
  organization = {Springer}
}

@article{iba2008inference,
  title     = {Inference of differential equation models by genetic programming},
  author    = {Iba, Hitoshi},
  journal   = {Information Sciences},
  volume    = {178},
  number    = {23},
  pages     = {4453--4468},
  year      = {2008},
  publisher = {Elsevier}
}

@article{virgolin2022symbolic,
  title   = {Symbolic Regression is NP-hard},
  author  = {Virgolin, Marco and Pissis, Solon P},
  journal = {arXiv preprint arXiv:2207.01018},
  year    = {2022}
}

@article{zelinka2005analytic,
  title   = {Analytic programming--Symbolic regression by means of arbitrary evolutionary algorithms},
  author  = {Zelinka, Ivan and Oplatkova, Zuzana and Nolle, Lars},
  journal = {International Journal of Simulation: Systems, Science and Technology},
  volume  = {6},
  number  = {9},
  pages   = {44--56},
  year    = {2005}
}

@book{mitchell1998introduction,
  title     = {An introduction to genetic algorithms},
  author    = {Mitchell, Melanie},
  year      = {1998},
  publisher = {MIT press}
}

@book{fogel2006evolutionary,
  title     = {Evolutionary computation: toward a new philosophy of machine intelligence},
  author    = {Fogel, David B},
  year      = {2006},
  publisher = {John Wiley \& Sons}
}