@book{coddington1955theory,
  title     = {Theory of ordinary differential equations},
  author    = {Coddington, Earl A and Levinson, Norman},
  year      = {1955},
  publisher = {Tata McGraw-Hill Education}
}

@book{mann2007introductory,
  title     = {Introductory statistics},
  author    = {Mann, Prem S},
  year      = {2007},
  publisher = {John Wiley \& Sons}
}